@misc{auth:darcs,
  url = {http://darcs.net/}
}
